@article{Klausmeier1977,
  author = {Klausmeier, Herbert J and Rossmiller, Richard A and Saily, Mary},
  title = {Individually guided education: Concepts and practices},
  journal = {New York: Academic Press},
  year = {1977},
}

@article{Wu2004,
  author = {Wu, Y. C},
  title = {The effects of repeated reading and text difficulty on fifth grade reading performance},
  journal = {Bulletin of Educational Psychology},
  year = {2004},
  volume = {35},
  number = {4},
  pages = {319--336},
}

@article{Liu2009,
  author = {Liu, Pei-Lin and Chiu-Jung Chen and Yu-Ju Chang},
  title = {Effects of a computer-assisted concept mapping learning strategy on EFL college students' English reading comprehension},
  journal = {Computers \& Education},
  year = {2009},
  volume = {54},
  number = {2},
  pages = {436--445},
}

@article{Hsu2008,
  author = {Hsu, Mei-Hua},
  title = {A personalized English learning recommender system for EFLs},
  journal = {Expert Systems with Applications},
  year = {2008},
  volume = {34},
  number = {1},
  pages = {683--688},
}

@article{Heilman2007,
  author = {Heilman, Michael and Kevyn Collins-Thompson and Jamie Callan and Maxine Eskenazi.},
  title = {Combining Lexical and Grammatical Features to Improve Readability Measures for First and Second Language Texts},
  journal = {The Human Language Technology Conference},
  year = {2007},
}

@Book{DaleChall1995,
  title =	{Readability Revisited: The New Dale-Chall Readability Formula},
  address =	{Cambridge, MA},
  year = 1995,
  author = {Chall, Jeanne Sternlicht and Edgar Dale},
  publisher =	{Brookline Books}
}

@article{DaleChall1948,
  author = {Chall, Jeanne Sternlicht and Edgar Dale},
  title = {A Formula for Predicting Readability},
  journal = {Educational Research Bulletin},
  volume = {27},
  number = {1},
  year = {1948},
}

@article{Kincaid1975,
  author = {Kincaid, J Peter and Fishburne Jr, Robert P and Rogers, Richard L and Chissom, Brad S},
  title = {Derivation of new readability formulas for navy enlisted personnel},
  journal = {Branch Report},
  pages = {8--75},
  year = {1975},
}

@article{Lexile1996,
  author = {Stenner, A. Jackson},
  title = {Measuring reading comprehension with the Lexile framework},
  journal = {In Fourth North American Conference on Adolescent/Adult Literacy},
  year = {1996},
}

@article{Ostendorf2005,
  author = {Schwarm, Sarah E and Ostendorf, Mari},
  title = {Reading level assessment using support vector machines and statistical language models},
  journal = {The 43rd Annual Meeting on Association for Computational Linguistics},
  year = {2005},
}

@article{Huang2011,
  author = {Huang, Yi-Ting and Chang, Hsiao-Pei and Sun, Yeali and Chen, Meng Chang},
  title = {A robust estimation scheme of reading diculty for second language learners},
  journal = {Advanced Learning Technologies (ICALT)},
  year = {2011},
}

@article{ElenaSowmya,
  author = {Ildiko Pil'an and Sowmya Vajjala and Elena Volodina},
  title = {A readable read: Automatic Assessment of Language Learning Materials based on Linguistic Complexity},
  journal = {International Journal of Computational Linguistics and Applications},
  year = {2016}
}

@article{Shinohara2016,
  author = {Shinohara, Yasuaki},
  title = {Audiovisual Training Effects for Japanese Children Learning English /r/-/l/},
  journal = {Interspeech },
  year = {2016},
  pages = {204--207},
}

@article{Luo2016,
  author = {Luo, Dean and Luo, Ruxin and Wang, Lixin},
  title = {Naturalness Judgement of L2 English Through Dubbing Practice},
  journal = {Interspeech},
  year = {2016},
  pages = {200--203},
}

@article{Hwang2010,
  author = {Ching-Kun Hsu and Gwo-Jen Hwang and Chih-Kai Chang},
  title = {Development of a reading material recommendation system based on a knowledge engineering approach},
  journal = {Computers \& Education},
  year = {2010},
  volume = {55},
  number = {1},
  pages = {76--83},
}

@article{Hwang2008,
  author = {Gwo-Jen Hwang and Pei-Shan Tsai and Chin-Chung Tsai and Judy C. R. Tseng},
  title = {A novel approach for assisting teachers in analyzing student web-searching behaviors},
  journal = {Computers \& Education},
  year = {2008},
  volume = {51},
  number = {2},
  pages = {926--938},
}

@article{Kuo2014,
  author = {Kuo, Chin-Hwa and Chi, Chen-Chung},
  title = {Designing a reading material recommendation system for EFL learners},
  journal = {Journal of Applied Science and Engineering},
  year = {2014},
  volume = {17},
  number = {4},
  pages = {371--382},
}

@article{Carver1994,
  author = {Carver, Ronald P},
  title = {Percentage of unknown vocabulary words in text as a function of the relative difficulty of the text: Implications for instruction},
  journal = {Journal of Reading Behavior},
  year = {1994},
  volume = {26},
  pages = {413--437},
}

@article{Huang2009,
  author = {Huang, Hsin-chou and Chern, Chiou-lan and Lin, Chih-cheng},
  title = {EFL learners' use of online reading strategies and comprehension of texts: an exploratory study},
  journal = {Computers \& Education},
  year = {2009},
  volume = {52},
  number = {1},
  pages = {13--26},
}

@article{Makany2009,
  author = {Makany, Tamas and Kemp, Jonathan and Dror, Itiel E},
  title = {Optimising the use of note-taking as an external cognitive and for increasing learning},
  journal = {British Journal of Educational Technology},
  year = {2009},
  volume = {40},
  number = {4},
  pages = {619--635},
}

@article{Hsu2013,
  author = {Ching-Kun Hsu and Gwo-Jen Hwang and Chih-Kai Chang},
  title = {A personalized recommendation-based mobile learning approach to improving the reading performance of EFL students},
  journal = {Computers \& Education},
  year = {2013},
  volume = {63},
  pages = {327--336},
}

@article{Brown1978,
  author = {Brown, Ann L and Smiley, Sandra S},
  title = {The development of strategies for studying texts},
  journal = {Child Development},
  year = {1978},
  volume = {49},
  number = {4},
  pages = {1076--1088},
}

@article{Quade1996,
  title={An Assessment of Retention and Depth of Processing Associated with Notetaking Using Traditional Pencil and Paper and an On-line Notepad during Computer-Delivered Instruction.},
  author={Quade, Ann M},
  year={1996},
  publisher={ERIC}
}

@article{Dror2008,
  author = {Dror, Itiel and Harnad, Stevan},
  title = {Offloading cognition onto cognitive technology},
  journal = {Distributed cognition: How cognitive technology extends our minds},
  year = {2008},
  pages = {1--23},
}

@article{Tang2005,
  author = {Tang, Tiffany Ya and McCalla, Gordon},
  title = {Smart recommendation for an evolving e-learning system},
  journal = {International Journal on E-Learning},
  year = {2005},
  volume = {4},
  number = {1},
}

@inproceedings{Nguyen2010,
  title={A context-aware mobile learning adaptive system for supporting foreigner learning English},
  author={Nguyen, Viet Anh and Pham, Van Cong and Ho, Si Dam},
  booktitle={Computing and Communication Technologies, Research, Innovation, and Vision for the Future (RIVF), 2010 IEEE RIVF International Conference on},
  pages={1--6},
  year={2010},
  organization={IEEE}
}

@book{Krashen1987,
  title={Principles and practice in second language acquisition},
  author={Krashen, Stephen D},
  year={1987},
  publisher={New York}
}

@article{Elley1983,
  title={The impact of reading on second language learning},
  author={Elley, Warwick B and Mangubhai, Francis},
  journal={Reading research quarterly},
  pages={53--67},
  year={1983},
  volume = {19},
  number = {1},
  publisher={JSTOR}
}

@article{Csikszentmihalyi2002,
  author = {Nakamura, Jeanne and Csikszentmihalyi, Mihaly},
  title = {The Concept of Flow},
  journal = {Handbook of Positive Psychology},
  year = {2002},
  page = {89--105},
}

@article{Csikszentmihalyi1997,
  author = {Csikszentmihalyi, Mihaly},
  title = {Finding Flow},
  journal = {New York: Basic},
  year = {1997},
}

@article{Csikszentmihalyi1975,
  author = {Csikszentmihalyi, Mihaly},
  title = {Beyond Boredom and Anxiety},
  journal = {Handbook of Positive Psychology},
  year = {1975},
  page = {10--2000},
}

@incollection{Billsus1999,
  title={A hybrid user model for news story classification},
  author={Billsus, Daniel and Pazzani, Michael J},
  booktitle={UM99 User Modeling},
  pages={99--108},
  year={1999},
  publisher={Springer}
}

@inproceedings{Tan1998,
  title={Learning user profiles for personalized information dissemination},
  author={Tan, Ah-Hwee and Teo, Christine},
  booktitle={Neural Networks Proceedings, 1998. IEEE World Congress on Computational Intelligence. The 1998 IEEE International Joint Conference on},
  volume={1},
  pages={183--188},
  year={1998},
  organization={IEEE}
}

@inproceedings{Yoshimura2015,
  title={The eye as the window of the language ability: Estimation of English skills by analyzing eye movement while reading documents},
  author={Yoshimura, Kazuyo and Kise, Koichi and Kunze, Kai},
  booktitle={Document Analysis and Recognition (ICDAR), 2015 13th International Conference on},
  pages={251--255},
  year={2015},
  organization={IEEE}
}

@misc{Newsela,
  title = {Newsela},
  howpublished = {\url{https://newsela.com/}},
  year = {2018}
}

@inproceedings{Mooney2000,
  title={Content-based book recommending using learning for text categorization},
  author={Mooney, Raymond J and Roy, Loriene},
  booktitle={Proceedings of the fifth ACM conference on Digital libraries},
  pages={195--204},
  year={2000},
  organization={ACM}
}

@incollection{Ricci2011,
  title={Introduction to recommender systems handbook},
  author={Ricci, Francesco and Rokach, Lior and Shapira, Bracha},
  booktitle={Recommender systems handbook},
  pages={1--35},
  year={2011},
  publisher={Springer}
}

@Book{Ito1993,
  title = {Encyclopedic Dictionary of Mathematics 2nd edition},
  author = {Ito, Kiyosi},
  year = {1993},
  publisher =	{MIT Press},
  isbn = {978-0-262-59020-4},
}

@misc{K12Reader,
  title = {K12Reader},
  howpublished = {\url{http://www.k12reader.com/}},
  year = {2016}
}

@article{Kohavi1995,
  author = {Kohavi, Ron},
  title = {A Study of Cross-Validation and Bootstrap for Accuracy Estimation and Model Selection},
  journal = {the Fourteenth International Joint Conference on Artificial Intelligence},
  volumn = {2},
  number = {12},
  year = {1995},
  pages = {1137--1143},
}

@article{Salakhutdinov2007,
  author = {Ruslan Salakhutdinov and Andriy Mnih},
  title = {Probabilistic Matrix Factorization},
  journal = {the 20th International Conference on Neural Information Processing Systems},
  year = {2007},
  pages = {1257--1264},
}

@book{Glantz1990,
  author = {Glantz, Stanton A. and Bryan K. Slinker},
  title = {Primer of Applied Regression and Analysis of Variance},
  year = {1990},
  publisher = {McGraw-Hill},
  isbn = {0-07-023407-8},
}

@inproceedings{chi2007designing,
  title={The designing of a web page recommendation system for ESL},
  author={Chi, Chen-Chung and Kuo, Chin-Hwa and Peng, Chia-Chun},
  booktitle={Advanced Learning Technologies, 2007. ICALT 2007. Seventh IEEE International Conference on},
  pages={730--734},
  year={2007},
  organization={IEEE}
}

@misc{Coursera,
  title = {Coursera},
  howpublished = {\url{https://www.coursera.org/}},
  year = {2018}
}

@misc{Udemy,
  title = {Udemy},
  howpublished = {\url{https://www.udemy.com/}},
  year = {2018}
}

@misc{Teachable,
  title = {Teachable},
  howpublished = {\url{https://teachable.com/}},
  year = {2018}
}

@misc{Kindle,
  title = {Kindle},
  howpublished = {\url{https://www.amazon.com/Kindle-eBooks/b?ie=UTF8&node=154606011}},
  year = {2018}
}

@misc{Seed,
  title = {Seed},
  howpublished = {\url{http://a.app.qq.com/o/simple.jsp?pkgname=com.seed.app}},
  year = {2018}
}

@misc{LexileAnalyzer,
  title = {Seed},
  howpublished = {\url{https://lexile.com/}},
  year = {2016}
}

@article{jugo2016increasing,
  title={Increasing the Adaptivity of an Intelligent Tutoring System with Educational Data Mining: A System Overview},
  author={Jugo, Igor and Kova{\v{c}}i{\'c}, Bo{\v{z}}idar and Slavuj, Vanja},
  journal={International Journal of Emerging Technologies in Learning (iJET)},
  volume={11},
  number={03},
  pages={67--70},
  year={2016}
}

@inproceedings{liu2010personalized,
  title={Personalized news recommendation based on click behavior},
  author={Liu, Jiahui and Dolan, Peter and Pedersen, Elin R{\o}nby},
  booktitle={Proceedings of the 15th international conference on Intelligent user interfaces},
  pages={31--40},
  year={2010},
  organization={ACM}
}

@book{flesch1979write,
  title={How to write plain English: A book for lawyers and consumers},
  author={Flesch, Rudolf Franz},
  year={1979},
  publisher={Harpercollins}
}

@misc{dataset,
  title = {Dataset obtained in this research},
  howpublished = {\url{https://github.com/myt588/research-data}},
  year = {2018}
}
